@inproceedings{matthews2011agile,
  title={Agile practices in embedded systems},
  author={Matthews, Charles E},
  booktitle={Proceedings of the compilation of the co-located workshops on DSM'11, TMC'11, AGERE! 2011, AOOPES'11, NEAT'11, \& VMIL'11},
  pages={249--250},
  year={2011},
  organization={ACM}
}

@INPROCEEDINGS{6634027, 
author={A. M. E. Hamid}, 
booktitle={2013 INTERNATIONAL CONFERENCE ON COMPUTING, ELECTRICAL AND ELECTRONIC ENGINEERING (ICCEEE)}, 
title={Upgrading distributed agile development}, 
year={2013}, 
pages={709-714}, 
keywords={cultural aspects;software development management;agile software development teams;cultures;distributed software development;geographical barriers;software development practices upgrade;software industry;time zones;Collaboration;Documentation;Educational institutions;Electronic mail;Face;Productivity;Software;Agile;Defect density;Distributed development;Productivity;Shifts}, 
doi={10.1109/ICCEEE.2013.6634027}, 
month={Aug},}

@INPROCEEDINGS{7577420, 
author={D. S. Cruzes and N. B. Moe and T. Dyb√•}, 
booktitle={2016 IEEE 11th International Conference on Global Software Engineering (ICGSE)}, 
title={Communication between Developers and Testers in Distributed Continuous Agile Testing}, 
year={2016}, 
pages={59-68}, 
keywords={program testing;software development management;software prototyping;distributed continuous agile testing;globally distributed software projects;organizational structures;project members;software companies;software developers;software development projects;software testers;team members;virtual teams;Agile software development;Companies;Context;Interviews;Software;Software testing;Communication;Continuous Agile Testing;Global Software Development}, 
doi={10.1109/ICGSE.2016.27}, 
ISSN={2329-6313}, 
month={Aug},}

@INPROCEEDINGS{1609824, 
author={A. Danait}, 
booktitle={Agile Development Conference (ADC'05)}, 
title={Agile offshore techniques - a case study}, 
year={2005}, 
pages={214-217}, 
keywords={organisational aspects;software development management;software maintenance;agile offshore technique;agile project team;flat organization structure;hierarchical structure;software development;software maintenance;team collaboration;Buildings;Collaborative tools;Computer aided software engineering;Design engineering;Humans;Information services;Software quality;Software testing;System testing;Web sites}, 
doi={10.1109/ADC.2005.9}, 
month={July},}

@INPROCEEDINGS{6005502, 
author={L. Pries-Heje and J. Pries-Heje}, 
booktitle={2011 Agile Conference}, 
title={Why Scrum Works: A Case Study from an Agile Distributed Project in Denmark and India}, 
year={2011}, 
pages={20-28}, 
keywords={project management;software development management;software prototyping;Denmark;India;Scrum;agile distributed project;agile project management;communication;coordination mechanism;social integration;Encoding;Interviews;Organizations;Programming;Project management;Software;Agile;Articulation Theory;Boundary objects;Distributed;Project management;Scrum;Social capital}, 
doi={10.1109/AGILE.2011.34}, 
month={Aug},}

@INPROCEEDINGS{4638656, 
author={M. Paasivaara and S. Durasiewicz and C. Lassenius}, 
booktitle={2008 IEEE International Conference on Global Software Engineering}, 
title={Distributed Agile Development: Using Scrum in a Large Project}, 
year={2008}, 
pages={87-95}, 
keywords={distributed programming;project management;software development management;Scrum practice;distributed agile development;global software development;large distributed software development project;Cameras;Companies;Large-scale systems;Outsourcing;Programming;Project management;Software engineering;Subcontracting;Teleconferencing;Uncertainty;case study;distributed agile software development;scrum}, 
doi={10.1109/ICGSE.2008.38}, 
ISSN={2329-6305}, 
month={Aug},}

@INPROCEEDINGS{4293626, 
author={S. Berczuk}, 
booktitle={Agile 2007 (AGILE 2007)}, 
title={Back to Basics: The Role of Agile Principles in Success with an Distributed Scrum Team}, 
year={2007}, 
pages={382-388}, 
keywords={DP industry;agile principles;communications tools;distributed scrum team;engineering practices;product team;Books;Collaboration;Engineering management;Feedback loop;Knowledge transfer;Process planning;Productivity;Project management;Space technology}, 
doi={10.1109/AGILE.2007.17}, 
month={Aug},}

@inproceedings{kaur2015distributed,
  title={Distributed Agile Development: A Survey of Challenges and Solutions},
  author={Kaur, Harneet and Haddad, Hisham M and others},
  booktitle={Proceedings of the International Conference on Software Engineering Research and Practice (SERP)},
  pages={42},
  year={2015},
  organization={The Steering Committee of The World Congress in Computer Science, Computer Engineering and Applied Computing (WorldComp)}
}

@article{HighsmithFowler2001,
  added-at = {2009-10-22T10:49:16.000+0200},
  author = {Highsmith, Jim and Fowler, Martin},
  biburl = {https://www.bibsonomy.org/bibtex/27900061809002e05b6624aed63e37d6b/tausendeins},
  interhash = {184904e3813a2aa2697e055120b8591c},
  intrahash = {7900061809002e05b6624aed63e37d6b},
  journal = {Software Development Magazine},
  keywords = {Software-Engineering},
  number = 8,
  owner = {pdeleenh},
  pages = {29--30},
  timestamp = {2009-10-22T10:49:16.000+0200},
  title = {The Agile Manifesto},
  volume = 9,
  year = 2001
}
