@INPROCEEDINGS{4293626, 
author={S. Berczuk}, 
booktitle={Agile 2007 (AGILE 2007)}, 
title={Back to Basics: The Role of Agile Principles in Success with an Distributed Scrum Team}, 
year={2007}, 
pages={382-388}, 
keywords={DP industry;agile principles;communications tools;distributed scrum team;engineering practices;product team;Books;Collaboration;Engineering management;Feedback loop;Knowledge transfer;Process planning;Productivity;Project management;Space technology}, 
doi={10.1109/AGILE.2007.17}, 
month={Aug},}

@INPROCEEDINGS{4638656, 
author={M. Paasivaara and S. Durasiewicz and C. Lassenius}, 
booktitle={2008 IEEE International Conference on Global Software Engineering}, 
title={Distributed Agile Development: Using Scrum in a Large Project}, 
year={2008}, 
pages={87-95}, 
keywords={distributed programming;project management;software development management;Scrum practice;distributed agile development;global software development;large distributed software development project;Cameras;Companies;Large-scale systems;Outsourcing;Programming;Project management;Software engineering;Subcontracting;Teleconferencing;Uncertainty;case study;distributed agile software development;scrum}, 
doi={10.1109/ICGSE.2008.38}, 
ISSN={2329-6305}, 
month={Aug},}

@INPROCEEDINGS{6005502, 
author={L. Pries-Heje and J. Pries-Heje}, 
booktitle={2011 Agile Conference}, 
title={Why Scrum Works: A Case Study from an Agile Distributed Project in Denmark and India}, 
year={2011}, 
pages={20-28}, 
keywords={project management;software development management;software prototyping;Denmark;India;Scrum;agile distributed project;agile project management;communication;coordination mechanism;social integration;Encoding;Interviews;Organizations;Programming;Project management;Software;Agile;Articulation Theory;Boundary objects;Distributed;Project management;Scrum;Social capital}, 
doi={10.1109/AGILE.2011.34}, 
month={Aug},}

@INPROCEEDINGS{6634027, 
author={A. M. E. Hamid}, 
booktitle={2013 INTERNATIONAL CONFERENCE ON COMPUTING, ELECTRICAL AND ELECTRONIC ENGINEERING (ICCEEE)}, 
title={Upgrading distributed agile development}, 
year={2013}, 
pages={709-714}, 
keywords={cultural aspects;software development management;agile software development teams;cultures;distributed software development;geographical barriers;software development practices upgrade;software industry;time zones;Collaboration;Documentation;Educational institutions;Electronic mail;Face;Productivity;Software;Agile;Defect density;Distributed development;Productivity;Shifts}, 
doi={10.1109/ICCEEE.2013.6634027}, 
month={Aug},}

@INPROCEEDINGS{7477924, 
author={J. López-Martínez and R. Juárez-Ramírez and C. Huertas and S. Jiménez and C. Guerra-García}, 
booktitle={2016 4th International Conference in Software Engineering Research and Innovation (CONISOFT)}, 
title={Problems in the Adoption of Agile-Scrum Methodologies: A Systematic Literature Review}, 
year={2016}, 
pages={141-148}, 
keywords={organisational aspects;software prototyping;agile adoption;agile-scrum methodologies;company culture;functional product delivery;software developers;systematic literature review;Bibliographies;Companies;Scrum (Software development);Software;Systematics;Scrum;adoption problems;agile methodologies;systematic literature review}, 
doi={10.1109/CONISOFT.2016.30}, 
month={April},}